@book{barnes2008objects,
  title     = {Objects First with {Java}: A Practical Introduction using {BlueJ}},
  author    = {Barnes, David J. and Kölling, Michael},
  year      = {2008},
  edition   = {4th},
  publisher = {Prentice Hall},
  isbn      = {9780136060864},
  note      = {Widely used introductory textbook integrating BlueJ}
}

@misc{jshell_docs,
  title        = {The {Java} {Shell} Tool {(JShell)}"},
  author       = {{Oracle}},
  howpublished = {\url{https://docs.oracle.com/en/java/javase/17/jshell/introduction-jshell.html}},
  year         = {2021},
  note         = {Accessed 2025-10-04}
}

@article{bluej_paper,
  author    = {Kölling, Michael and Quig, Bruce and Patterson, Andrew and Rosenberg, John},
  title     = {The {BlueJ} System and its Pedagogical Foundations},
  journal   = {ACM SIGCSE Bulletin},
  volume    = {34},
  number    = {3},
  pages     = {214--218},
  year      = {2002},
  publisher = {ACM},
  doi       = {10.1145/960492.960542}
}

@misc{politz_minnes2018jshell,
  author       = {Politz, Joe Gibbs and Minnes, Mia},
  title        = {Using {JShell}: Notes for {CSE 8A}},
  howpublished = {\url{https://ucsd-cse8a-f18.github.io/notes/jshell/}},
  year         = {2018},
  note         = {University of California, San Diego. Accessed 2025-10-04}
}

@misc{mangan2025codepadjshell,
  author    = {Marco Aur{\'e}lio Souza Mangan},
  title     = {Comparing {Code Pad} and {JShell} features},
  year      = {2025},
  howpublished       = {\url{https://github.com/codantche/codepad-jshell}},
  urldate   = {2025-10-04},
  version   = {0.1.0},
  note      = {GitHub repository},
}

%https://en.wikipedia.org/wiki/JShell